@inproceedings{SEKE15,
  title     = {A framework based on learning techniques for decision-making in self-adaptive software},
  author    = {Affonso, Frank Jos{\'e} and Leite, Gustavo and Oliveira, Rafael A. P. and Nakagawa, Elisa Yumi},
  booktitle = {SEKE},
  volume    = {15},
  year      = {2015}
}

@inproceedings{SEKE16,
  title     = {DmS-Modeler: A Tool for Modeling Decision-making Systems for Self-adaptive Software Domain.},
  author    = {Affonso, Frank Jos{\'e} and Leite, Gustavo and Nakagawa, Elisa Yumi},
  booktitle = {SEKE},
  volume    = {16},
  pages     = {617--622},
  year      = {2016}
}

@inproceedings{WSCAD19,
  author    = {Leite, Gustavo and Baldassin, Alexandro and Araújo, Guido and Amaral, José Nelson},
  booktitle = {2019 Symposium on High Performance Computing Systems (WSCAD)},
  title     = {Performance Evaluation of Compiler Optimizations in {FPGA} Accelerators},
  year      = {2019},
  volume    = {},
  number    = {},
  ISSN      = {},
  month     = {Oct},
}

@mastersthesis{Master19,
  author  = {Gustavo Leite},
  title   = {Performance Evaluation of Compiler Optimizations in {FPGA} Accelerators},
  school  = {Universidade Estadual Paulista},
  address = {São José do Rio Preto-SP, Brasil},
  year    = {2019},
  month   = {Aug},
}
